@article{scikit-learn,
 title={Scikit-learn: Machine Learning in {P}ython},
 author={Pedregosa, F. and Varoquaux, G. and Gramfort, A. and Michel, V.
         and Thirion, B. and Grisel, O. and Blondel, M. and Prettenhofer, P.
         and Weiss, R. and Dubourg, V. and Vanderplas, J. and Passos, A. and
         Cournapeau, D. and Brucher, M. and Perrot, M. and Duchesnay, E.},
 journal={Journal of Machine Learning Research},
 volume={12},
 pages={2825--2830},
 year={2011}
}

@online{RF-MIT,
  author = {Leo Breiman and Adele Cutler},
  title = {Random Forests},
  url = {https://www.stat.berkeley.edu/~breiman/RandomForests/cc_home.htm},
  urldate = {2018-03-6}
}

@article{RFF,
 title={Random Features for Large-Scale Kernel Machines},
 author={Ali Rahimi and Benjamin Recht},
 year={2007}
}

@article{RF,
 title={Random Decision Forests},
 author={Tin Kam Ho},
 year={1995}
}

@article{RFF-NN,
 title={Scalable Hybrid Deep Neural Kernel Networks},
 author={Siamak Mehrkanoon and Andreas Zell and Johan A.K. Suykens},
 year={2017}
}
